@comment{x-kbibtex-personnameformatting=<%l><, %f>}

@inproceedings{MONDOProjectsShowcase15,
  author    = {Dimitrios S. Kolovos and
               Louis M. Rose and
               Richard F. Paige and
               Esther Guerra and
               Jes{\'{u}}s S{\'{a}}nchez Cuadrado and
               Juan de Lara and
               Istv{\'{a}}n R{\'{a}}th and
               D{\'{a}}niel Varr{\'{o}} and
               Gerson Suny{\'{e}} and
               Massimo Tisi},
  title     = {{MONDO:} scalable modelling and model management on the cloud},
  booktitle = {STAF Projects Showcase},
  pages     = {44--53},
  year      = {2015}
}

@inproceedings{webb12,
	added-at = "2012-10-19T00:00:00.000+0200",
	author = "Webber, Jim",
	booktitle = "{SPLASH}",
	editor = "Leavens, Gary T.",
	interhash = "e670ede6ae207d5d7a8630bfea4421a4",
	intrahash = "294465183700e88208cda24104dfd16e",
	isbn = "978-1-4503-1563-0",
	keywords = "dblp",
	pages = "217--218",
	publisher = "ACM",
	title = "{A programmatic introduction to Neo4j.}",
	url = "http://dblp.uni-trier.de/db/conf/oopsla/splash2012.html#Webber12",
	x-fetchedfrom = "Bibsonomy",
	year = 2012
}

@article{espi14,
	author = "Espinazo-Pag{\'a}n, Javier and Molina, Jes{\'u}s Garc{\'i}a",
	doi = "10.1016/j.infsof.2014.01.005",
	issn = "0950-5849",
	journal = "Information and Software Technology",
	keywords = "Model-Driven Engineering; Model persistence; Model repositories; Eclipse Modeling Framework; Model querying; Efficiency",
	note = "",
	number = "6",
	pages = "586--622",
	title = "{Querying large models efficiently}",
	url = "http://www.sciencedirect.com/science/article/pii/S0950584914000160",
	volume = "56",
	year = "2014"
}

@article{espi13,
	author = "Espinazo-Pag{\'a}n, Javier and Cuadrado, Jes{\'u}s S{\'a}nchez and Molina, Jes{\'u}s Garc{\'i}a",
	doi = "10.1007/s10270-013-0326-8",
	issn = "1619-1366",
	journal = "Software \& Systems Modeling",
	keywords = "MDE; Model persistence; Model repositories; Model scalability; Large models; NoSQL; Document databases",
	language = "English",
	pages = "1--21",
	publisher = "Springer-Verlag",
	title = "{A repository for scalable model management}",
	url = "http://dx.doi.org/10.1007/s10270-013-0326-8"
}

@misc{titan,
	author = "TitanDB",
	note = "{http://thinkaurelius.github.io/titan}"
}

@misc{Teneo,
	author = "eclipse modeling framework technology (emft) Teneo",
	note = "{http://www.eclipse.org/modeling/emft}"
}

@misc{orient,
	author = "OrientDB",
	note = "{http://www.orientechnologies.com/orientdb}"
}

@misc{arango,
	author = "ArangoDB",
	note = "{https://www.arangodb.org}"
}

@misc{mongoemf,
	author = "MongoEMF",
	note = "{https://github.com/BryanHunt/mongo-emf}"
}

@misc{emffragments,
	author = "Fragments, EMF",
	note = "{https://github.com/markus1978/emf-fragments}"
}

@misc{neo4emf,
	author = "Neo4EMF",
	note = "{http://neo4emf.com}"
}

@book{stei08,
	author = "Steinberg, Dave and Budinsky, Frank and Merks, Ed and Paternostro, Marcelo",
	publisher = "Pearson Education",
	title = "{EMF: eclipse modeling framework}",
	year = "2008"
}

@inproceedings{fink12,
	added-at = "2012-11-16T00:00:00.000+0100",
	author = "Fink, Bryan",
	booktitle = "{Erlang Workshop}",
	editor = "Hoffman, Torben and Hughes, John",
	interhash = "64cdcc1265d3b57048378616c48550cb",
	intrahash = "30631d38d52513aa5abc6865244dfedb",
	isbn = "978-1-4503-1575-3",
	keywords = "dblp",
	pages = "43--50",
	publisher = "ACM",
	title = "{Distributed computation on dynamo-style distributed storage: riak pipe.}",
	url = "http://dblp.uni-trier.de/db/conf/erlang/erlang2012.html#Fink12",
	x-fetchedfrom = "Bibsonomy",
	year = 2012
}

@inproceedings{aura12,
	abstract = "Linked In is among the largest social networking sites in the world. As the company has grown, our core data sets and request processing requirements have grown as well. In this paper, we describe a few selected data infrastructure projects at Linked In that have helped us accommodate this increasing scale. Most of those projects build on existing open source projects and are themselves available as open source. The projects covered in this paper include: (1) Voldemort: a scalable and fault tolerant key-value store, (2) Data bus: a framework for delivering database changes to downstream applications, (3) Espresso: a distributed data store that supports flexible schemas and secondary indexing, (4) Kafka: a scalable and efficient messaging system for collecting various user activity events and log data.",
	arnumber = "6228206",
	author = "Auradkar, A. and Botev, C. and Das, S. and {De Maagd}, D. and Feinberg, A. and Ganti, P. and Gao, Lei and Ghosh, B. and Gopalakrishna, K. and Harris, B. and Koshy, J. and Krawez, K. and Kreps, J. and Lu, Shi and Nagaraj, S. and Narkhede, N. and Pachev, S. and Perisic, I. and Qiao, Lin and Quiggle, T. and Rao, Jun and Schulman, B. and Sebastian, A. and Seeliger, O. and Silberstein, A. and Shkolnik, B. and Soman, C. and Sumbaly, R. and Surlaker, K. and Topiwala, S. and Tran, C. and Varadarajan, B. and Westerman, J. and White, Z. and Zhang, D. and Zhang, J.",
	booktitle = "{Data Engineering (ICDE), 2012 IEEE 28th International Conference on}",
	doi = "10.1109/ICDE.2012.147",
	issn = "1063-6382",
	keywords = "database indexing",
	month = "April",
	pages = "1370--1381",
	title = "{Data Infrastructure at LinkedIn}",
	x-fetchedfrom = "IEEEXplore",
	year = "2012"
}

@book{lars11,
	abstract = "HBase: The Definitive Guide: Amazon.de: Lars George: Englische B{\"u}cher",
	added-at = "2011-09-29T09:34:52.000+0200",
	asin = "1449396100",
	author = "George, Lars",
	dewey = "005",
	ean = "9781449396107",
	edition = 1,
	interhash = "7555458c85c1d4e7573d1d7f5db7f703",
	intrahash = "b062d157acb61f49cacc068895e80819",
	isbn = "1449396100",
	keywords = "definitive guide hbase",
	publisher = "O'Reilly Media",
	title = "{HBase: The Definitive Guide}",
	url = "http://www.amazon.de/HBase-Definitive-Guide-Lars-George/dp/1449396100/ref=sr_1_1?ie=UTF8&qid=1317281653&sr=8-1",
	x-fetchedfrom = "Bibsonomy",
	year = 2011
}

@book{brow12,
	added-at = "2012-04-14T00:00:00.000+0200",
	author = "Brown, Martin C.",
	interhash = "855616167946a2b6b2dbc6d60b673e44",
	intrahash = "661869f7d233ab025dffa6935f5ca095",
	isbn = "978-1-449-30755-4",
	keywords = "dblp",
	pages = "I--VIII, 1--69",
	publisher = "O'Reilly",
	title = "{Getting Started with CouchDB - Extreme Scalability at Your Fingertips.}",
	url = "http://www.oreilly.de/catalog/9781449307554/index.html#top",
	x-fetchedfrom = "Bibsonomy",
	year = 2012
}

@inproceedings{brew00,
	author = "Brewer, Eric A",
	booktitle = "{PODC}",
	title = "{Towards robust distributed systems}",
	year = "2000"
}

@article{hard83,
	added-at = "2012-01-23T19:13:13.000+0100",
	author = "H{\"a}rder, Theo and Reuter, Andreas",
	cdrom = "CSURs1/csur15/P287.pdf",
	cite = "journals/csur/Verhofstad78",
	interhash = "2502afff31f54bc639245ef5911a4797",
	intrahash = "d263efa8b4a262987d82e263d5cb7109",
	journal = "ACM Comput. Surv.",
	keywords = "acid database transaction",
	number = 4,
	pages = "287--317",
	title = "{Principles of Transaction-Oriented Database Recovery.}",
	url = "http://dblp.uni-trier.de/db/journals/csur/csur15.html#HarderR83",
	volume = 15,
	x-fetchedfrom = "Bibsonomy",
	year = 1983
}

@book{chod10,
	added-at = "2011-11-18T13:08:30.000+0100",
	author = "Chodorow, Kristina and Dirolf, Michael",
	interhash = "a9864a2f43d20fd2c107945fd5b1b402",
	intrahash = "e2b4c1766e1834d05d8e749623205c93",
	isbn = "978-1-449-38156-1",
	keywords = "mongodb",
	pages = "I--XVII, 1--193",
	publisher = "O'Reilly",
	title = "{MongoDB - The Definitive Guide: Powerful and Scalable Data Storage.}",
	url = "http://www.oreilly.de/catalog/9781449381561/index.html",
	x-fetchedfrom = "Bibsonomy",
	year = 2010
}

@inproceedings{olso99,
	author = "Olson, Michael A and Bostic, Keith and Seltzer, Margo I",
	booktitle = "{USENIX Annual Technical Conference, FREENIX Track}",
	pages = "183--191",
	title = "{Berkeley DB.}",
	year = "1999"
}

@article{laks10,
	added-at = "2011-11-13T20:45:14.000+0100",
	author = "Lakshman, Avinash and Malik, Prashant",
	interhash = "8d90a233678aa931aee0bccb68c7bf04",
	intrahash = "33b0bde165a028da3ab752baac319ddf",
	journal = "Operating Systems Review",
	keywords = "cassandra sys:read",
	number = 2,
	pages = "35--40",
	title = "{Cassandra: a decentralized structured storage system}",
	url = "http://dblp.uni-trier.de/db/journals/sigops/sigops44.html#LakshmanM10",
	volume = 44,
	x-fetchedfrom = "Bibsonomy",
	year = 2010
}

@article{fitz04,
	author = "Fitzpatrick, Brad",
	journal = "Linux journal",
	number = "124",
	pages = "5",
	publisher = "Belltown Media",
	title = "{Distributed caching with memcached}",
	volume = "2004",
	year = "2004"
}

@article{gius07,
	added-at = "2010-04-06T16:41:10.000+0200",
	address = "New York, NY, USA",
	author = "DeCandia, Giuseppe and Hastorun, Deniz and Jampani, Madan and Kakulapati, Gunavardhan and Lakshman, Avinash and Pilchin, Alex and Sivasubramanian, Swaminathan and Vosshall, Peter and Vogels, Werner",
	doi = "10.1145/1323293.1294281",
	interhash = "5a38a3a7830286733636ae732d0b01cb",
	intrahash = "1305f5af14cec90704849cf0384d6756",
	issn = "0163-5980",
	journal = "SIGOPS Oper. Syst. Rev.",
	keywords = "imported",
	number = 6,
	pages = "205--220",
	publisher = "ACM",
	title = "{Dynamo: Amazon's highly available key-value store}",
	url = "http://www.bibsonomy.org/bibtex/21305f5af14cec90704849cf0384d6756/chesteve",
	volume = 41,
	x-fetchedfrom = "Bibsonomy",
	year = 2007
}

@inproceedings{chan06,
	abstract = "Bigtable is a distributed storage system for managing structured data that is designed to scale to a very large size: petabytes of data across thousands of commodity servers. Many projects at Google store data in Bigtable, including web indexing, Google Earth, and Google Finance. These applications place very different demands on Bigtable, both in terms of data size (from URLs to web pages to satellite imagery) and latency requirements (from backend bulk processing to real-time data serving). Despite these varied demands, Bigtable has successfully provided a flexible, high-performance solution for all of these Google products. In this paper we describe the simple data model provided by Bigtable, which gives clients dynamic control over data layout and format, and we describe the design and implementation of Bigtable.",
	added-at = "2011-07-11T10:41:49.000+0200",
	author = "Chang, Fay and Dean, Jeffrey and Ghemawat, Sanjay and Hsieh, Wilson C. and Wallach, Deborah A. and Burrows, Mike and Chandra, Tushar and Fikes, Andrew and Gruber, Robert E.",
	booktitle = "{Proceedings of the 7th USENIX Symposium on Operating Systems Design and Implementation (OSDI'06)}",
	interhash = "badf4db5d31f7ee7318ca619a589f2e1",
	intrahash = "08eed5d4b530bf1f94eb6d0ea1570a8c",
	keywords = "bigtable hadoop hbase",
	title = "{Bigtable: A distributed storage system for structured data}",
	url = "http://labs.google.com/papers/bigtable.html",
	x-fetchedfrom = "Bibsonomy",
	year = 2006
}

@misc{fuch12,
	author = "Fuchs, Adam",
	publisher = "National Security Agency,Baltimore ACM Lecture hosted by Morgan State University,",
	title = "{Accumulo--Extensions to Google{\rq}s Bigtable Design}",
	year = "2012"
}

@inproceedings{ScalabilityRoadmap,
	acmid = "2487768",
	address = "New York, NY, USA",
	articleno = "2",
	author = "Kolovos, Dimitrios S. and Rose, Louis M. and Matragkas, Nicholas and Paige, Richard F. and Guerra, Esther and Cuadrado, Jes{\'u}s S{\'a}nchez and {De Lara}, Juan and R{\'a}th, Istv{\'a}n and Varr{\'o}, D{\'a}niel and Tisi, Massimo and Cabot, Jordi",
	booktitle = "{Proceedings of the Workshop on Scalability in Model Driven Engineering}",
	doi = "10.1145/2487766.2487768",
	isbn = "978-1-4503-2165-5",
	location = "Budapest, Hungary",
	numpages = "10",
	pages = "2:1--2:10",
	publisher = "ACM",
	series = "{BigMDE '13}",
	title = "{A Research Roadmap Towards Achieving Scalability in Model Driven Engineering}",
	url = "http://doi.acm.org/10.1145/2487766.2487768",
	year = "2013"
}

@inproceedings{coop10,
	author = "Cooper, Brian F and Silberstein, Adam and Tam, Erwin and Ramakrishnan, Raghu and Sears, Russell",
	booktitle = "{Proceedings of the 1st ACM symposium on Cloud computing}",
	organization = "ACM",
	pages = "143--154",
	title = "{Benchmarking cloud serving systems with YCSB}",
	year = "2010"
}

@article{rabl12,
	author = "Rabl, Tilmann and G{\'o}mez-Villamor, Sergio and Sadoghi, Mohammad and Munt{\'e}s-Mulero, Victor and Jacobsen, Hans-Arno and Mankovskii, Serge",
	journal = "Proceedings of the VLDB Endowment",
	number = "12",
	pages = "1724--1735",
	publisher = "VLDB Endowment",
	title = "{Solving big data challenges for enterprise application performance management}",
	volume = "5",
	year = "2012"
}

@inproceedings{brun10,
	author = "Bruneliere, Hugo and Cabot, Jordi and Jouault, Fr{\'e}d{\'e}ric and Madiot, Fr{\'e}d{\'e}ric",
	booktitle = "{Proceedings of the IEEE/ACM international conference on Automated software engineering}",
	organization = "ACM",
	pages = "173--174",
	title = "{MoDisco: a generic and extensible framework for model driven reverse engineering}",
	year = "2010"
}

@inproceedings{Espinazo-PaganCM11,
	author = "Espinazo-Pag{\'a}n, Javier and Cuadrado, Jes{\'u}s S{\'a}nchez and Molina, Jes{\'u}s Garc{\'i}a",
	booktitle = "{MoDELS}",
	pages = "77--92",
	title = "{Morsa: A Scalable Approach for Persisting and Accessing Large Models}",
	year = "2011"
}

@inproceedings{KolovosWB13,
	author = "Kolovos, Dimitrios S. and Wei, Ran and Barmpis, Konstantinos",
	booktitle = "{XM@MoDELS}",
	pages = "46--54",
	title = "{An Approach for Efficient Querying of Large Relational Datasets with OCL based Languages}",
	year = "2013"
}

@inproceedings{BarmpisK12,
	author = "Barmpis, Konstantinos and Kolovos, Dimitrios S.",
	booktitle = "{XM@MoDELS}",
	title = "{Comparative Analysis of Data Persistence Technologies for Large-Scale Models}",
	year = "2012"
}

@inproceedings{EpsilonICECCS,
	address = "{Potsdam, Germany}",
	author = "{Richard F. Paige, Dimitrios S. Kolovos, Louis M. Rose, Nicholas Drivalos, Fiona A.C. Polack}",
	booktitle = "{Proc. 14th IEEE International Conference on Engineering of Complex Computer Systems}",
	month = "",
	note = "",
	organization = "",
	pages = "",
	publisher = "",
	series = "{}",
	title = "{The Design of a Conceptual Framework and Technical Infrastructure for Model Management Language Engineering}",
	volume = "",
	year = "{2009}"
}

@inproceedings{VarroSV05,
	author = "Varr{\'o}, Gergely and Sch{\"u}rr, Andy and Varr{\'o}, D{\'a}niel",
	booktitle = "{VL/HCC}",
	pages = "79--88",
	title = "{Benchmarking for Graph Transformation}",
	year = "2005"
}

@inproceedings{BergmannURV11,
	author = "Bergmann, G{\'a}bor and Ujhelyi, Zolt{\'a}n and R{\'a}th, Istv{\'a}n and Varr{\'o}, D{\'a}niel",
	booktitle = "{ICMT}",
	pages = "167--182",
	title = "{A Graph Query Language for EMF Models}",
	year = "2011"
}

@article{KuhlmannHGB12,
	author = "Kuhlmann, Mirco and Hamann, Lars and Gogolla, Martin and B{\"u}ttner, Fabian",
	journal = "Software and System Modeling",
	number = "2",
	pages = "165--182",
	title = "{A benchmark for OCL engine accuracy, determinateness, and efficiency}",
	volume = "11",
	year = "2012"
}

@incollection{sche12,
	author = "Scheidgen, Markus and Zubow, Anatolij and Fischer, Joachim and Kolbe, Thomas H",
	booktitle = "{Model Driven Engineering Languages and Systems}",
	pages = "102--118",
	publisher = "Springer",
	title = "{Automated and transparent model fragmentation for persisting large models}",
	year = "2012"
}

@article{bray1998extensible,
	author = "Bray, Tim and Paoli, Jean and Sperberg-McQueen, C Michael and Maler, Eve and Yergeau, Fran\c{c}ois",
	journal = "World Wide Web Consortium Recommendation REC-xml-19980210. http://www. w3. org/TR/1998/REC-xml-19980210",
	title = "{Extensible markup language (XML)}",
	year = "1998"
}

@inproceedings{ait1995formal,
	author = "Ait-Ameur, Yamine and Besnard, Frederic and Girard, Patrick and Pierra, Guy and Potier, Jean Claude",
	booktitle = "{Intern. Conference on Software Engineering and Knowledge Engineering SEKE}",
	pages = "181--189",
	title = "{Formal specification and metaprogramming in the EXPRESS language}",
	volume = "95",
	year = "1995"
}

@book{spivey1992z,
	author = "Spivey, J Michael and Abrial, JR",
	publisher = "Prentice Hall Hemel Hempstead",
	title = "{The Z notation}",
	year = "1992"
}

@book{budinsky2004eclipse,
	author = "Budinsky, Frank",
	publisher = "Addison-Wesley Professional",
	title = "{Eclipse modeling framework: a developer's guide}",
	year = "2004"
}

@incollection{broekstra2002sesame,
	author = "Broekstra, Jeen and Kampman, Arjohn and {Van Harmelen}, Frank",
	booktitle = "{The Semantic Web�ISWC 2002}",
	pages = "54--68",
	publisher = "Springer",
	title = "{Sesame: A generic architecture for storing and querying rdf and rdf schema}",
	year = "2002"
}

@article{seltzer2011oracle,
	author = "Seltzer, M",
	journal = "Oracle White Paper",
	title = "{Oracle nosql database}",
	year = "2011"
}

@misc{foundationDB,
	author = "FoundationDB",
	note = "{https://foundationdb.com/}"
}

@misc{sparkSee,
	author = "SparkSee",
	note = "{http://sparsity-technologies.com/}"
}

@misc{AccumuloDB,
	author = "AccumuloDB",
	note = "{https://accumulo.apache.org/}"
}

@misc{Blueprints,
	author = "TinkerPop",
	note = "{https://github.com/tinkerpop/blueprints/wiki}",
	title = "{Blueprints}"
}

@misc{MicrosoftDSLF,
	author = "Microsoft",
	note = "{http://msdn.microsoft.com/vstudio/teamsystem/workshop/DSLTools/default.aspx}",
	title = "{Microsoft Domain Specific Languages Framework, Official Website}"
}

@misc{Grabats2009,
	author = "Grabats2009",
	note = "{5th Int. Workshop on Graph-Based Tools (2012)}",
	title = "{5th Int. Workshop on Graph-Based Tools (2012)}"
}

@misc{cdo,
	author = {Eclipse.org},
	howpublished = {\url{http://www.eclipse.org/cdo/}},
	title = {{Connected Data Objects (CDO)}}
}

@misc{emfstore,
	author = {Eclipse.org},
	title = {{EMFStore}},
	howpublished = {\url{http://www.eclipse.org/emfstore/}},
}

@misc{mysql,
	author = "MySQL",
	note = "{http://www.mysql.com}"
}

@misc{object,
	author = "ObjectivityDB",
	note = "{http://www.objectivity.com/products/objectivitydb}"
}

@misc{aero,
	author = "AeroSpike",
	note = "{http://www.aerospike.com/}"
}

@misc{postgresql,
	author = "PostgreSQL",
	note = "{http://www.postgresql.org/}"
}

@misc{riak,
	author = "Riak",
	note = "{http://basho.com/riak}"
}

@misc{tokyocabinet,
	author = "Cabinet, Tokyo",
	note = "{http://fallabs.com/tokyocabinet/}"
}

@misc{redis,
	author = "Redis",
	note = "{http://redis.io/}"
}

@misc{hibari,
	author = "Hibari",
	note = "{https://github.com/hibari/hibari}"
}

@misc{hbase,
	author = "HBase",
	note = "{https://hbase.apache.org/}"
}

@misc{hypertable,
	author = "HyperTable",
	note = "{http://hypertable.org/}"
}

@misc{jena,
	author = "Jena",
	note = "{http://jena.apache.org/}"
}

@misc{threestore,
	author = "{3 Store}",
	note = "{http://sourceforge.net/projects/threestore/}"
}

@misc{allegrograph,
	author = "AllegroGraph",
	note = "{http://franz.com/agraph/allegrograph/}"
}

@misc{mulgara,
	author = "Mulgara",
	note = "{http://www.mulgara.org/}"
}

@misc{rdfgateway,
	author = "Gateway, RDF",
	note = "http://www.intellidimension.com"
}

@misc{stardog,
	author = "StarDog",
	note = "{http://stardog.com/}"
}

@misc{owlim,
	author = "BigOWLIM",
	note = "{https://www.ontotext.com/owlim}"
}

@misc{fourstore,
	author = "4store",
	note = "{http://4store.org/}"
}

@misc{bigdata,
	author = "Bigdata",
	note = "{http://www.systap.com/bigdata.htm}"
}

@misc{mongoD,
	author = "MongoDB",
	note = "{http://www.mongodb.org/}"
}

@misc{couchD,
	author = "CouchDB",
	note = "{http://couchdb.apache.org/}"
}

@misc{jackrabbit,
	author = "Jackrabbit, Apache",
	note = "{http://jackrabbit.apache.org/}"
}

@misc{couchbase,
	author = "Couchbase",
	note = "{http://www.couchbase.com/}"
}

@misc{ejdb,
	author = "EJDB",
	note = "{http://ejdb.org/}"
}

@misc{ravenDB,
	author = "RavenDB",
	note = "{http://ravendb.net/}"
}

@misc{simpleD,
	author = "SimpleDB",
	note = "{http://aws.amazon.com/simpledb/}"
}

@misc{fatDB,
	author = "FATDB",
	note = "{http://fatcloud.com/overview.html}"
}

@misc{markLogic,
	author = "MarkLogic",
	note = "{http://www.marklogic.com/?gclid=CI-apdr-k7wCFeKWtAodOCgANw}"
}

@misc{filam,
	author = "Filament",
	note = "{http://www.bigdata.com/blog/}"
}

@misc{brightstarD,
	author = "BrightstarDB",
	note = "{https://brightstardb.com/}"
}

@misc{hypergraphD,
	author = "HyperGraphDB",
	note = "{http://www.hypergraphdb.org/index}"
}

@misc{whiteD,
	author = "WhiteDB",
	note = "{http://whitedb.org/}"
}

@misc{infogri,
	author = "InfoGrid",
	note = "{http://infogrid.org/trac/}"
}

@misc{velocityg,
	author = "CelocityGraph",
	note = "{www.velocitygraph.com}"
}

@misc{dex,
	author = "DEX",
	note = "{sparsity-technologies.com/dex}"
}

@misc{oqGraph,
	author = "OQGRAPH",
	note = "{http://openquery.com.au/node/23}"
}

@misc{bigd,
	author = "Data, Big",
	note = "{http://www.bigdata.com/blog/}"
}

@misc{vertexD,
	author = "VertexDB",
	note = "{https://github.com/stevedekorte/vertexdb}"
}

@misc{bitsy,
	author = "Bitsy",
	note = "{https://bitbucket.org/lambdazen/bitsy/wiki/Home}"
}

@misc{openbim,
	author = "OpenBIMServer",
	note = "{http://bimserver.org/}"
}

@misc{modopen,
	author = "Modelio-OpenSource",
	note = "{http://forge.modelio.org/projects/modelio3-development-app/files}"
}

@inproceedings{bee10,
	author = "Beetz, Jakob and van Berlo, L{\'e}on and de Laat, Ruben and van den Helm, Pim",
	booktitle = "{Proceedings of the CIP W78 conference}",
	title = "{Bimserver.org an Open Source IFC model server}",
	year = "2010"
}

@article{isi07,
	author = "Isikdag, Umit and Aouad, Ghassan and Underwood, Jason and Wu, Song",
	journal = "Bringing ITC Knowledge to Work",
	title = "{Building information models: a review on storage and exchange mechanisms}",
	year = "2007"
}

@misc{osexp,
	author = "OpenSourceExpress",
	note = "{http://sourceforge.net/projects/osexpress/}"
}

@article{pra01,
	author = "Pratt, Michael J",
	journal = "Journal of Computing and Information Science in Engineering",
	number = "1",
	pages = "102--103",
	publisher = "American Society of Mechanical Engineers",
	title = "{Introduction to ISO 10303---the STEP standard for product data exchange}",
	volume = "1",
	year = "2001"
}

@incollection{shah14,
	author = "Shah, Seyyed M. and Wei, Ran and Kolovos, Dimitrios S. and Rose, Louis M. and Paige, Richard F. and Barmpis, Konstantinos",
	booktitle = "{Model-Driven Engineering Languages and Systems}",
	doi = "10.1007/978-3-319-11653-2_36",
	editor = "Dingel, Juergen and Schulte, Wolfram and Ramos, Isidro and Abrah{\~a}o, Silvia and Insfran, Emilio",
	isbn = "978-3-319-11652-5",
	language = "English",
	pages = "586--601",
	publisher = "Springer International Publishing",
	series = "{Lecture Notes in Computer Science}",
	title = "{A Framework to Benchmark NoSQL Data Stores for Large-Scale Model Persistence}",
	url = "http://dx.doi.org/10.1007/978-3-319-11653-2_36",
	volume = "8767",
	year = "2014"
}

@inproceedings{lub04,
	author = "Lubell, Joshua and Peak, Russell S and Srinivasan, Vijay and Waterbury, Stephen C",
	booktitle = "{ASME 2004 International Design Engineering Technical Conferences and Computers and Information in Engineering Conference}",
	organization = "American Society of Mechanical Engineers",
	pages = "915--923",
	title = "{STEP, XML, and UML: complementary technologies}",
	year = "2004"
}

@book{EpsilonBook,
	author = "Kolovos, Dimitrios and Rose, Louis and Paige, Richard and Garc{\i}a-Dom{\i}nguez, A",
	title = "{The Epsilon Book}",
	year = "2010"
}

@article{Barmpis2014,
	author = "Barmpis, Konstantinos and Kolovos, Dimitrios S.",
	doi = "10.5381/jot.2014.13.3.a3",
	journal = "Journal of Object Technology",
	language = "English",
	month = "July",
	pages = "3:1--26",
	title = "{Evaluation of Contemporary Graph Databases for Efficient Persistence of Large-Scale Models}",
	url = "http://dx.doi.org/10.5381/jot.2014.13.3.a3",
	volume = "13-3",
	year = "2014"
}

@inproceedings{Barmpis2013,
	acmid = "2487771",
	address = "New York, NY, USA",
	articleno = "6",
	author = "Barmpis, Konstantinos and Kolovos, Dimitrios S.",
	booktitle = "{Proceedings of the Workshop on Scalability in Model Driven Engineering}",
	doi = "10.1145/2487766.2487771",
	isbn = "978-1-4503-2165-5",
	publisher = "ACM",
	series = "{BigMDE 13}",
	title = "{Hawk: towards a scalable model indexing architecture}",
	url = "http://doi.acm.org/10.1145/2487766.2487771",
	year = "2013"
}

@inproceedings{Barmpis2014b,
	author = "Barmpis, Konstantinos and Kolovos, Dimitrios S.",
	booktitle = "{Proceedings of the 10th European Conference on Modelling Foundations and Applications. ECMFA'14}",
	doi = "10.1007/978-3-319-09195-2_3",
	keywords = "Scalability; model querying; model-driven engineering",
	language = "English",
	month = "July",
	title = "{Towards Scalable Querying of Large-Scale Models}",
	url = "http://dx.doi.org/10.1007/978-3-319-09195-2_3",
	year = "2014"
}

@article{atlas2007atlas,
	author = "Group, ATLAS and others",
	journal = "URL http://www. eclipse. org/m2m/atl",
	title = "{Atlas transformation language}",
	year = "2007"
}

@article{ujhelyi2014emf,
	author = "Ujhelyi, Zolt{\'a}n and Bergmann, G{\'a}bor and Heged{\"u}s, {\'A}bel and Horv{\'a}th, {\'A}kos and Izs{\'o}, Benedek and R{\'a}th, Istv{\'a}n and Szatm{\'a}ri, Zolt{\'a}n and Varr{\'o}, D{\'a}niel",
	journal = "Science of Computer Programming",
	publisher = "Elsevier",
	title = "{EMF-IncQuery: An integrated development environment for live model queries}",
	year = "2014"
}

@inproceedings{bail96,
	author = "Bailey, Ian and Hardwick, Martin and Laud, Adrian and Spooner, D",
	booktitle = "{Proceedings of the Sixth EXPRESS Users Group Conference}",
	month = "October",
	title = "{Overview of the EXPRESS-X Language}",
	year = "1996"
}

@Misc{thrift,
  author = 	 {{Apache Software Foundation}},
  title = 	 {{Apache Thrift} project site},
  howpublished = {\url{https://thrift.apache.org/}},
  year = 	 {2015},
  note = 	 {Last checked: November 12, 2015},
}

@Misc{jetty,
  author = 	 {{Eclipse Foundation}},
  title = 	 {{Eclipse Jetty} project site},
  howpublished = {\url{http://www.eclipse.org/jetty/}},
  month = 	 oct,
  year = 	 2015,
  note = 	 {Last checked: November 12, 2015},
}

@Misc{tycho,
  author = 	 {{Eclipse Foundation}},
  title = 	 {{Eclipse Tycho} project site},
  howpublished = {\url{http://www.eclipse.org/tycho/}},
  month = 	 nov,
  year = 	 2015,
  note = 	 {Last checked: November 12, 2015},
}

@Misc{shiro,
  author = 	 {{Apache Software Foundation}},
  title = 	 {{Apache Shiro} project site},
  howpublished = {\url{http://shiro.apache.org/}},
  month = 	 jul,
  year = 	 {2015},
  note = 	 {Last checked: November 12, 2015},
}

@Misc{mapdb,
  author = 	 {Jan Kotek},
  title = 	 {{MapDB} project site},
  howpublished = {\url{http://www.mapdb.org/index.html}},
  month = 	 oct,
  year = 	 {2015},
  note = 	 {Last checked: November 12, 2015},
}

@Misc{ivy,
  author = 	 {{Apache Software Foundation}},
  title = 	 {{Apache Ivy} project site},
  howpublished = {\url{http://ant.apache.org/ivy/}},
  month = 	 dec,
  year = 	 {2014},
  note = 	 {Last checked: November 12, 2015},
}

@Book{abernethy,
  author = 	 {R. Abernethy},
  title = 	 {The Programmer's Guide to {Apache Thrift}},
  publisher = 	 {Manning Publications},
  year = 	 {2015},
  note = 	 {ISBN 9781617291814},
}

@Misc{ecore2thrift,
  author = 	 {A. Garcia-Dominguez and N. van Doorn},
  title = 	 {{Ecore2Thrift} project site},
  howpublished = {\url{https://github.com/bluezio/ecore2thrift}},
  month = 	 nov,
  year = 	 {2015},
  annote = 	 {Last checked: November 22, 2015}
}

@inproceedings{neoemf,
  TITLE = {{Decentralized Model Persistence for Distributed Computing}},
  AUTHOR = {G{\'o}mez, Abel and Benelallam, Amine and Tisi, Massimo},
  URL = {https://hal.archives-ouvertes.fr/hal-01215280},
  BOOKTITLE = {{3rd BigMDE Workshop}},
  ADDRESS = {L'Aquila},
  YEAR = {2015},
  KEYWORDS = {Model Persistence ; Key-Value Stores ; Distributed Persistence ; Distributed Computing},
  PDF = {https://hal.archives-ouvertes.fr/hal-01215280/file/paper5.pdf},
  HAL_ID = {hal-01215280},
  HAL_VERSION = {v1},
}

@incollection{Hawk,
year={2014},
isbn={978-3-319-09194-5},
booktitle={Modelling Foundations and Applications},
volume={8569},
series={LNCS},
editor={Cabot, Jordi and Rubin, Julia},
doi={10.1007/978-3-319-09195-2_3},
title={Towards Scalable Querying of Large-Scale Models},
url={http://dx.doi.org/10.1007/978-3-319-09195-2_3},
publisher={Springer},
keywords={Scalability; model querying; model-driven engineering},
author={Barmpis, Konstantinos and Kolovos, Dimitrios S.},
pages={35-50},
language={English}
}

@inproceedings{DBLP:conf/uml/JouaultK05,
  author    = {Fr{\'e}d{\'e}ric Jouault and
               Ivan Kurtev},
  title     = {Transforming Models with {ATL}},
  booktitle = {MoDELS Satellite Events},
  year      = {2005},
  pages     = {128-138},
  ee        = {http://dx.doi.org/10.1007/11663430_14},
  crossref  = {DBLP:conf/uml/2005se},
  bibsource = {DBLP, http://dblp.uni-trier.de}
}

@proceedings{DBLP:conf/uml/2005se,
  editor    = {Jean-Michel Bruel},
  title     = {Satellite Events at the MoDELS 2005 Conference, MoDELS 2005
               International Workshops, Doctoral Symposium, Educators Symposium,
             October 2-7, 2005, Revised Selected
               Papers},
  booktitle = {MoDELS Satellite Events},
  publisher = {Springer},
  series    = {LNCS},
  volume    = {3844},
  year      = {2006},
  isbn      = {3-540-31780-5},
  bibsource = {DBLP, http://dblp.uni-trier.de}
}

@inproceedings{DBLP:conf/icmt/JouaultT10,
  author    = {Fr{\'e}d{\'e}ric Jouault and
               Massimo Tisi},
  title     = {Towards Incremental Execution of ATL Transformations},
  booktitle = {ICMT},
  year      = {2010},
  pages     = {123-137},
  ee        = {http://dx.doi.org/10.1007/978-3-642-13688-7_9},
  crossref  = {DBLP:conf/icmt/2010},
  bibsource = {DBLP, http://dblp.uni-trier.de}
}

@proceedings{DBLP:conf/icmt/2010,
  editor    = {Laurence Tratt and
               Martin Gogolla},
  title     = {Theory and Practice of Model Transformations, Third International
               Conference, ICMT 2010, Malaga, Spain, June 28-July 2, 2010.
               Proceedings},
  booktitle = {ICMT},
  publisher = {Springer},
  series    = {LNCS},
  volume    = {6142},
  year      = {2010},
  isbn      = {978-3-642-13687-0},
  ee        = {http://dx.doi.org/10.1007/978-3-642-13688-7},
  bibsource = {DBLP, http://dblp.uni-trier.de}
}

@TECHREPORT{Wijngaarden03programtransformation,
    author = {Jonne Van Wijngaarden and Eelco Visser},
    title = {Program Transformation Mechanics: A classification of Mechanisms for Program Transformation with a Survey of Existing Transformation Systems},
    institution = {UU-CS},
    year = {2003}
}

@inproceedings{DBLP:conf/doceng/SchottN03,
  author    = {Steffen Schott and
               Markus L. Noga},
  title     = {Lazy {XSL} transformations},
  booktitle = {ACM Symposium on Document Engineering},
  year      = {2003},
  pages     = {9-18},
  ee        = {http://doi.acm.org/10.1145/958220.958224},
  crossref  = {DBLP:conf/doceng/2003},
  bibsource = {DBLP, http://dblp.uni-trier.de}
}

@proceedings{DBLP:conf/doceng/2003,
  title     = {Proceedings of the 2003 ACM Symposium on Document Engineering,
               Grenoble, France, November 20-22, 2003},
  booktitle = {ACM Symposium on Document Engineering},
  publisher = {ACM},
  year      = {2003},
  bibsource = {DBLP, http://dblp.uni-trier.de}
}

@INPROCEEDINGS{Murzek05g.:model,
    author = {Marion Murzek and Gerhard Kramler},
    title = {G.: Model Transformation in Practice Using the BOC Model Transformer},
    booktitle = {Model Transformations in Practice Workshop at MoDELS 2005, Montego},
    year = {2005}
}

@inproceedings{DBLP:conf/gg/OrejasL10,
  author    = {Fernando Orejas and
               Leen Lambers},
  title     = {Delaying Constraint Solving in Symbolic Graph Transformation},
  booktitle = {ICGT},
  year      = {2010},
  pages     = {43-58},
  ee        = {http://dx.doi.org/10.1007/978-3-642-15928-2_4},
  crossref  = {DBLP:conf/gg/2010},
  bibsource = {DBLP, http://dblp.uni-trier.de}
}

@proceedings{DBLP:conf/gg/2010,
  editor    = {Hartmut Ehrig and
               Arend Rensink and
               Grzegorz Rozenberg and
               Andy Sch{\"u}rr},
  title     = {Graph Transformations - 5th International Conference, ICGT
               2010, Enschede, The Netherlands, September 27 - - October
               2, 2010. Proceedings},
  booktitle = {ICGT},
  publisher = {Springer},
  series    = {LNCS},
  volume    = {6372},
  year      = {2010},
  isbn      = {978-3-642-15927-5},
  ee        = {http://dx.doi.org/10.1007/978-3-642-15928-2},
  bibsource = {DBLP, http://dblp.uni-trier.de}
}

@inproceedings{DBLP:conf/gg/SchurrK08,
  author    = {Andy Sch{\"u}rr and
               Felix Klar},
  title     = {15 Years of Triple Graph Grammars},
  booktitle = {ICGT},
  year      = {2008},
  pages     = {411-425},
  ee        = {http://dx.doi.org/10.1007/978-3-540-87405-8_28},
  crossref  = {DBLP:conf/gg/2008},
  bibsource = {DBLP, http://dblp.uni-trier.de}
}

@proceedings{DBLP:conf/gg/2008,
  editor    = {Hartmut Ehrig and
               Reiko Heckel and
               Grzegorz Rozenberg and
               Gabriele Taentzer},
  title     = {Graph Transformations, 4th International Conference, ICGT
               2008, Leicester, United Kingdom, September 7-13, 2008. Proceedings},
  booktitle = {ICGT},
  publisher = {Springer},
  series    = {LNCS},
  volume    = {5214},
  year      = {2008},
  isbn      = {978-3-540-87404-1},
  bibsource = {DBLP, http://dblp.uni-trier.de}
}

@manual{QVT-specification,
  author = {OMG},
  editor = {OMG},
  number = {{OMG} document formal/2005-11-01},
  organization = {Object Management Group},
  title = {MOF QVT Final Adopted Specification},
  year = 2005
}

@manual{OCL2.0-specification,
  author = { OMG},
  editor = { OMG},
  interhash = {00dac9737d70ef67f113bec17477e460},
  intrahash = {dd137dc9e068145c93cc1217d879cfd7},
  key = {OCL 2.0},
  number = {{OMG} document formal/2006-05-01},
  organization = {Object Management Group},
  title = {Object Constraint Language Specification, version 2.0},
  url = {http://fparreiras/papers/OCLSpec.pdf},
  year = 2005,
  keywords = {2001 PreCondition Invariants PostContiditions query constra UMLMetamodel ocl specification},
  added-at = {2006-08-28T15:26:49.000+0200},
  description = {OCL is to be used with UML as a query and assertion language. It has types, objects, operations. It has a concrete Syntax and an Abstract Syntax  described using MOF},
  biburl = {http://www.bibsonomy.org/bibtex/2dd137dc9e068145c93cc1217d879cfd7/fparreiras},
  month = {June}
}

@manual{F.Fleurey2009,
  author = {Z. Drey and F. Fleurey and D. Vojtisek and C. Faucher and Vincent Mah{\'e}},
  title = {Kermeta Language, Reference Manual},
  year = {2009},
  url = {http://www.kermeta.org/docs/KerMeta-Manual.pdf}
}



@article{Jouault999,
author = {Jouault, F. and Sottet, J.S.},
file = {:home/max/Documents/Library/Bibliography/Mendeley/grabats2009\_submission\_20-final.pdf:pdf},
journal = {is.tm.tue.nl},
keywords = {program comprehension,program query,transformation scala-},
title = {{An AmmA/ATL Solution for the GraBaTs 2009 Reverse Engineering Case Study}},
url = {http://is.tm.tue.nl/staff/pvgorp/events/grabats2009/submissions/grabats2009\_submission\_20-final.pdf},
year = {2009}
}

@inproceedings{Henderson1976,
 author = {Henderson, Peter and Morris,Jr., James H.},
 title = {A lazy evaluator},
 booktitle = {Proceedings of the 3rd ACM SIGACT-SIGPLAN symposium on Principles on programming languages},
 series = {POPL '76},
 year = {1976},
 location = {Atlanta, Georgia},
 pages = {95--103},
 numpages = {9},
 url = {http://doi.acm.org/10.1145/800168.811543},
 doi = {http://doi.acm.org/10.1145/800168.811543},
 acmid = {811543},
 publisher = {ACM},
} 

@inbook{Harel:1989:DRS:101969.101990,
 author = {Harel, D. and Pnueli, A.},
 title = {On the development of reactive systems},
 book = {Logics and models of concurrent systems},
 year = {1985},
 isbn = {0-387-15181-8},
 pages = {477--498},
 numpages = {22},
 url = {http://dl.acm.org/citation.cfm?id=101969.101990},
 acmid = {101990},
 publisher = {Springer-Verlag New York, Inc.},
 address = {New York, NY, USA},
} 



@inproceedings{Taentzer2005,
author = {Taentzer, Gabriele and Ehrig, Karsten and Guerra, Esther and de Lara, J. and Lengyel, L. and Levendovszky, Tihamer and Prange, Ulrike and Varr\'{o}, D. and Varr\'{o}-Gyapay, S.},
booktitle = {Proc. Workshop Model Transformation in Practice},
file = {:home/max/Documents/Library/Bibliography/Mendeley/10.1.1.97.2827.pdf:pdf},
title = {{Model transformation by graph transformation: A comparative study}},
url = {http://citeseerx.ist.psu.edu/viewdoc/download?doi=10.1.1.97.2827\&amp;rep=rep1\&amp;type=pdf},
year = {2005}
}

@inproceedings{Goldschmidt2008,
author = {Goldschmidt, T. and Uhl, A.},
booktitle = {1st International Workshop on Model Co-Evolution and Consistency Management at Models 2008},
file = {:home/max/Documents/Library/Bibliography/Mendeley/3-goldschmidt.pdf:pdf},
title = {{Retainment Rules for Model Transformations}},
year = {2008}
}

@article{Bergmann2009,
author = {Bergmann, G. and R\'{a}th, I. and Varr\'{o}, D.},
file = {:home/max/Documents/Library/Bibliography/Mendeley/265-780-1-PB.pdf:pdf},
journal = {Electronic Communications of EASST},
title = {Parallelization of Graph Transformation Based on Incremental Pattern Matching},
volume = {18},
year = {2009}
}

@article{Cabot,
author = {Cabot, J. and Teniente, E.},
journal = {Lecture Notes in Computer Science},
pages = {81},
publisher = {Springer},
title = {{Incremental evaluation of OCL constraints}},
volume = {4001},
year = {2006}
}

@article{Giese2008a,
author = {Giese, Holger and Wagner, Robert},
doi = {10.1007/s10270-008-0089-9},
file = {:home/max/Documents/Library/Bibliography/Mendeley/fulltext(8).pdf:pdf},
issn = {1619-1366},
journal = {Software \& Systems Modeling},
keywords = {incremental model,model transformation,synchronization,triple graph grammars},
number = {1},
pages = {21--43},
title = {{From model transformation to incremental bidirectional model synchronization}},
volume = {8},
year = {2008}
}

@article{Hearnden2006,
author = {Hearnden, D. and Lawley, M. and Raymond, K.},
file = {:home/max/Documents/Library/Bibliography/Mendeley/fulltext (4).pdf:pdf},
journal = {LNCS},
pages = {321},
publisher = {Springer},
title = {{Incremental model transformation for the evolution of model-driven systems}},
volume = {4199},
year = {2006}
}

@article{Xiong2007,
address = {New York, New York, USA},
author = {Xiong, Yingfei and Liu, Dongxi and Hu, Zhenjiang and Zhao, Haiyan and Takeichi, Masato and Mei, Hong},
doi = {10.1145/1321631.1321657},
file = {:home/max/Documents/Library/Bibliography/Mendeley/p164-xiong.pdf:pdf},
isbn = {9781595938824},
journal = {Proc. of ASE'07},
pages = {164},
publisher = {ACM Press},
title = {{Towards automatic model synchronization from model transformations}},
year = {2007}
}

@inproceedings{Jouault2010,
author = {Jouault, Fr\'{e}d\'{e}ric and Tisi, Massimo},
booktitle = {Theory and Practice of Model Transformations},
doi = {10.1007/978-3-642-13688-7\_9},
file = {:home/max/Documents/Library/Bibliography/Mendeley/icmt2010\_submission\_59 (1).pdf:pdf},
pages = {123--137},
publisher = {Springer},
title = {{Towards incremental execution of ATL transformations}},
url = {http://www.springerlink.com/index/G162003X82530830.pdf},
year = {2010}
}
@book{Bergmann2008,
address = {New York, New York, USA},
author = {Bergmann, G\'{a}bor and \"{O}kr\"{o}s, Andr\'{a}s and R\'{a}th, Istv\'{a}n and Varr\'{o}, D\'{a}niel and Varr\'{o}, Gergely},
booktitle = {Proceedings of the third international workshop on Graph and model transformations - GRaMoT '08},
doi = {10.1145/1402947.1402953},
file = {:home/max/Documents/Library/Bibliography/Mendeley/p25-bergmann.pdf:pdf},
isbn = {9781605580333},
keywords = {cremental model transformation,domain-specific languages,in-,incremental graph pattern matching},
pages = {25},
publisher = {ACM Press},
title = {{Incremental pattern matching in the viatra model transformation system}},
url = {http://portal.acm.org/citation.cfm?doid=1402947.1402953},
year = {2008}
}
@article{Czarnecki2006,
abstract = {Model transformations are touted to play a key role in Model Driven DevelopmentTM. Although well-established standards for creating metamodels such as the Meta-Object Facility exist, there is currently no mature foundation for specifying transformations among models. We propose a framework for the classification of several existing and proposed model transformation approaches. The classification framework is given as a feature model that makes explicit the different design choices for model transformations. Based on our analysis of model transformation approaches, we propose a few major categories in which most approaches fit.},
author = {Czarnecki, K. and Helsen, S.},
file = {:home/max/Documents/Library/Bibliography/Mendeley/czarnecki.pdf:pdf},
journal = {IBM Systems Journal},
keywords = {MyThesis},
mendeley-tags = {MyThesis},
number = {3},
pages = {621--645},
title = {{Feature-based survey of model transformation approaches}},
url = {http://citeseerx.ist.psu.edu/viewdoc/download?doi=10.1.1.124.9674\&amp;rep=rep1\&amp;type=pdf},
volume = {45},
year = {2006}
}

@book{EMF:2008,
   author = {Dave Steinberg and Frank Budinsky and Marcelo Paternostro and Ed Merks},
   title = {{EMF}: {E}clipse {M}odeling {F}ramework (2nd Edition) ({T}he {E}clipse {S}eries)},
   year = {2008},
   isbn = {0321331885},
   publisher = {Addison-Wesley Professional}
}

@TECHREPORT{Visser00thestratego,
    author = {Eelco Visser and Eelco Visser},
    title = {The {S}tratego Reference Manual},
    institution = {Utrecht University},
    year = {2000}
}

@inproceedings{DBLP:conf/dagstuhl/Visser03,
  author    = {Eelco Visser},
  title     = {Program Transformation with {S}tratego/{XT}: Rules, Strategies,
               Tools, and Systems in {S}tratego/{XT} 0.9},
  booktitle = {Domain-Specific Program Generation},
  year      = {2003},
  pages     = {216-238},
  ee        = {http://springerlink.metapress.com/openurl.asp?genre=article{\&}issn=0302-9743{\&}volume=3016{\&}spage=216},
  crossref  = {DBLP:conf/dagstuhl/2003dspg},
  bibsource = {DBLP, http://dblp.uni-trier.de}
}

@proceedings{DBLP:conf/dagstuhl/2003dspg,
  title     = {Domain-Specific Program Generation, International Seminar,
               Dagstuhl Castle, Germany, March 23-28, 2003, Revised Papers},
  booktitle = {Domain-Specific Program Generation},
  publisher = {Springer},
  series    = {LNCS},
  volume    = {3016},
  year      = {2004},
  isbn      = {3-540-22119-0},
  bibsource = {DBLP, http://dblp.uni-trier.de}
}

%%New references suggested by reviewers

@article{DBLP:journals/sttt/MeszarosMLA10,
  author    = {Tam{\'a}s M{\'e}sz{\'a}ros and
               Gergely Mezei and
               Tihamer Levendovszky and
               M{\'a}rk Asztalos},
  title     = {Manual and automated performance optimization of model transformation
               systems},
  journal   = {STTT},
  volume    = {12},
  year      = {2010},
  pages     = {231-243},
  ee        = {http://dx.doi.org/10.1007/s10009-010-0151-0},
  bibsource = {DBLP, http://dblp.uni-trier.de}
}

@inproceedings{DBLP:conf/models/HearndenLR06,
  author    = {David Hearnden and
               Michael Lawley and
               Kerry Raymond},
  title     = {Incremental Model Transformation for the Evolution of Model-Driven
               Systems},
  booktitle = {MoDELS},
  year      = {2006},
  pages     = {321-335},
  ee        = {http://dx.doi.org/10.1007/11880240_23},
  crossref  = {DBLP:conf/models/2006},
  bibsource = {DBLP, http://dblp.uni-trier.de}
}

@proceedings{DBLP:conf/models/2006,
  title     = {Model Driven Engineering Languages and Systems, 9th International
               Conference, MoDELS 2006, Genova, Italy, October 1-6, 2006,
               Proceedings},
  booktitle = {MoDELS},
  publisher = {Springer},
  series    = {LNCS},
  volume    = {4199},
  year      = {2006},
  isbn      = {3-540-45772-0},
  bibsource = {DBLP, http://dblp.uni-trier.de}
}

@article{DBLP:journals/entcs/VarroFV06,
  author    = {Gergely Varr{\'o} and
               Katalin Friedl and
               D{\'a}niel Varr{\'o}},
  title     = {Adaptive Graph Pattern Matching for Model Transformations
               using Model-sensitive Search Plans},
  journal   = {Electr. Notes Theor. Comput. Sci.},
  volume    = {152},
  year      = {2006},
  pages     = {191-205},
  ee        = {http://dx.doi.org/10.1016/j.entcs.2005.10.025},
  bibsource = {DBLP, http://dblp.uni-trier.de}
}

@inproceedings{DBLP:conf/gg/GeissBGHS06,
  author    = {Rubino Gei{\ss} and
               Gernot Veit Batz and
               Daniel Grund and
               Sebastian Hack and
               Adam Szalkowski},
  title     = {{G}r{G}en: A Fast {SPO}-Based Graph Rewriting Tool},
  booktitle = {ICGT},
  year      = {2006},
  pages     = {383-397},
  ee        = {http://dx.doi.org/10.1007/11841883_27},
  crossref  = {DBLP:conf/gg/2006},
  bibsource = {DBLP, http://dblp.uni-trier.de}
}

@proceedings{DBLP:conf/gg/2006,
  title     = {Graph Transformations, Third International Conference, ICGT
               2006, Natal, Rio Grande do Norte, Brazil, September 17-23,
               2006, Proceedings},
  booktitle = {ICGT},
  publisher = {Springer},
  series    = {LNCS},
  volume    = {4178},
  year      = {2006},
  isbn      = {3-540-38870-2},
  bibsource = {DBLP, http://dblp.uni-trier.de}
}

@inproceedings{DBLP:conf/hopl/HudakHJW07,
  author    = {Paul Hudak and
               John Hughes and
               Simon L. Peyton Jones and
               Philip Wadler},
  title     = {A history of {H}askell: being lazy with class},
  booktitle = {HOPL},
  year      = {2007},
  pages     = {1-55},
  ee        = {http://doi.acm.org/10.1145/1238844.1238856},
  crossref  = {DBLP:conf/hopl/2007},
  bibsource = {DBLP, http://dblp.uni-trier.de}
}

@proceedings{DBLP:conf/hopl/2007,
  title     = {Proceedings of the Third ACM SIGPLAN History of Programming
               Languages Conference (HOPL-III), San Diego, California,
               USA, 9-10 June 2007},
  booktitle = {HOPL},
  publisher = {ACM},
  year      = {2007},
  bibsource = {DBLP, http://dblp.uni-trier.de}
}


%% Lazy OCL

@inproceedings{DBLP:conf/models/BeaudouxBBJ10,
  author    = {Olivier Beaudoux and
               Arnaud Blouin and
               Olivier Barais and
               Jean-Marc J{\'e}z{\'e}quel},
  title     = {Active Operations on Collections},
  booktitle = {MoDELS},
  year      = {2010},
  pages     = {91-105},
  ee        = {http://dx.doi.org/10.1007/978-3-642-16145-2_7},
  crossref  = {DBLP:conf/models/2010-1},
  bibsource = {DBLP, http://dblp.uni-trier.de}
}

@proceedings{DBLP:conf/models/2010-1,
  title     = {Model Driven Engineering Languages and Systems - 13th International
               Conference, MODELS 2010, Oslo, Norway, October 3-8, 2010,
               Proceedings, Part I},
  booktitle = {MoDELS (1)},
  publisher = {Springer},
  series    = {LNCS},
  volume    = {6394},
  year      = {2010},
  isbn      = {978-3-642-16144-5},
  ee        = {http://dx.doi.org/10.1007/978-3-642-16145-2},
  bibsource = {DBLP, http://dblp.uni-trier.de}
}

@article{DBLP:journals/eceasst/ClavelEA08,
  author    = {Manuel Clavel and
               Marina Egea and
               Miguel Angel Garc\'{\i}a de Dios},
  title     = {Building an Efficient Component for {OCL} Evaluation},
  journal   = {ECEASST},
  volume    = {15},
  year      = {2008},
  ee        = {http://eceasst.cs.tu-berlin.de/index.php/eceasst/article/view/179},
  bibsource = {DBLP, http://dblp.uni-trier.de}
}


%% Other transformation languages

@article{Kolovos2008,
author = {Kolovos, D. and Paige, R. and Polack, F.},
file = {:home/max/Documents/Library/Bibliography/Mendeley/etl.pdf:pdf},
journal = {Theory and Practice of Model Transformations},
pages = {46--60},
publisher = {Springer},
title = {{The epsilon transformation language}},
url = {http://www.springerlink.com/index/R575U280706P0371.pdf},
year = {2008}
}


@Misc{VIATRA:website,
  author = 	 {Varr� et al.},
  title = 	 {The {VIATRA} model transformation framework},
  year = 	 {2004-2012},
  note = 	 {\url{http://eclipse.org/gmt/VIATRA}},
}

@article{VIATRA:Language,
  number = 3,
  volume = 68,
  month = {October},
  author = {D{\'a}niel Varr{\'o} and Andr{\'a}s Balogh},
  title = {The Model Transformation Language of the {VIATRA2} Framework},
  journal = {Science of Computer Programming},
  year = 2007,
  pages = {214--234},
}

@inproceedings {VIATRA:icmt2008,
	title = {Live Model Transformations Driven by Incremental Pattern Matching},
	booktitle = {Proc. First International Conference on the Theory and Practice of Model Transformations (ICMT 2008)},
	series = {Lecture Notes in Computer Science},
	volume = {5063/2008},
	year = {2008},
	note = {Acceptance rate: 31\%},
	pages = {107{\textendash}121},
	publisher = {Springer Berlin / Heidelberg},
	organization = {Springer Berlin / Heidelberg},
	abstract = {In the current paper, we introduce a live model transformation framework, which continuously maintains a transformation context such that model changes to source inputs can be readily identified, and their effects can be incrementally propagated. Our framework builds upon an incremental pattern matcher engine, which keeps track of matches of complex contextual constraints captured in the form of graph patterns. As a result, complex model changes can be treated as elementary change events. Reactions to the changes of match sets are specified by graph transformation rules with a novel transactional execution semantics incorporating both pseudo-parallel and serializable behaviour.},
	keywords = {Viatra},
	isbn = {978-3-540-69926-2},
	issn = {0302-9743 (Print) 1611-3349 (Online)},
	doi = {10.1007/978-3-540-69927-9_8},
	url = {http://www.springerlink.com/content/g43052uj0p27428v/},
	author = {Istv�n R�th and G{\'a}bor Bergmann and Andr{\'a}s {\"O}kr{\"o}s and D{\'a}niel Varr{\'o}},
	editor = {Antonio Vallecillo and Jeff Gray and Alfonso Pierantonio}
}

@inproceedings {VIATRA:MODELS09,
	title = {Change-Driven Model Transformations},
	booktitle = {Model Driven Engineering Languages and Systems, 12th International Conference, MODELS 2009, Denver, CO, USA, October 4-9, 2009. Proceedings},
	series = {Lecture Notes in Computer Science},
	issn = {0302-9743 (Print) 1611-3349 (Online)},
  	isbn = {978-3-642-04424-3},
	volume = {5795},
	year = {2009},
    doi = {10.1007/978-3-642-04425-0\_26},
	note = {Springer Best Paper Award and ACM Distinguished Paper Award; Acceptance rate: 18\%},
	pages = {342-356},
	publisher = {Springer},
	organization = {Springer},
	abstract = {Nowadays, evolving models are prime artefacts of model-driven software engineering. In tool integration scenarios, a multitude of tools and modeling languages are used where complex model transformations need to incrementally synchronize various models residing within different external tools. In the paper, we investigate a novel class of transformations, that are directly triggered by model changes. First, model changes in the source model are recorded incrementally by a change history model. Then a model-to-model transformation is carried out to generate a change model for the target language. Finally, the target change history model is processed (at any time) to incrementally update the target model itself. Moreover, our technique also allows incremental updates in an external model where only the model manipulation interface is under our control (but not the model itself). Our approach is implemented within the VIATRA2 framework, and it builds on live transformations and incremental pattern matching.},
	keywords = {Viatra},
	url = {http://dx.doi.org/10.1007/978-3-642-04425-0\_26},
	author = {Istv�n R�th and Gergely Varr{\'o} and D{\'a}niel Varr{\'o}},
	editor = {Andy Sch{\"u}rr and Bran Selic}
}

@article {VIATRA:Sosym10:ChangeDriven,
   author = {Gabor Bergmann and Istvan Rath and Gergely Varro and Daniel Varro},
   affiliation = {Department of Measurement and Information Systems, Budapest University of Technology and Economics, Magyar tudosok krt. 2, Budapest, 1117 Hungary},
   title = {Change-driven model transformations},
   journal = {Software and Systems Modeling},
   publisher = {Springer Berlin / Heidelberg},
   issn = {1619-1366},
   keyword = {Computer Science},
   pages = {1-31},
   url = {http://dx.doi.org/10.1007/s10270-011-0197-9},
   note = {10.1007/s10270-011-0197-9},
   year = {2011}
}

@incollection{INCQUERY:MODELS10,
  author = 	 {G\'abor Bergmann and \'Akos Horv\'ath and Istvan Rath and D\'aniel Varr\'o},
   affiliation = {Department of Measurement and Information Systems, Budapest University of Technology and Economics, H-1117 Magyar tud�sok krt. 2, Budapest, Hungary},
   title = {Incremental Evaluation of Model Queries over {EMF} Models},
   booktitle = {Model Driven Engineering Languages and Systems},
   series = {Lecture Notes in Computer Science},
   editor = {Petriu, Dorina and Rouquette, Nicolas and Haugen, Oystein},
   publisher = {Springer Berlin / Heidelberg},
   isbn = {},
   pages = {76-90},
   volume = {6394},
   note = {Acceptance rate: 21\%; DOI: 10.1007/978-3-642-16145-2\_6},
   year = {2010},
      url = {http://dx.doi.org/10.1007/978-3-642-16145-2\_6}
}

@incollection {INCQUERY:ICMT11,
   author = {Bergmann, Gabor and Ujhelyi, Zoltan and Rath, Istvan and Varro, Daniel},
   affiliation = {Department of Measurement and Information Systems, Budapest University of Technology and Economics, 1117 Budapest, Magyar tud�sok krt. 2},
   title = {A Graph Query Language for EMF Models},
   booktitle = {Theory and Practice of Model Transformations},
   series = {Lecture Notes in Computer Science},
   editor = {Cabot, Jordi and Visser, Eelco},
   publisher = {Springer Berlin / Heidelberg},
   isbn = {978-3-642-21731-9},
   keyword = {Computer Science},
   pages = {167-182},
   volume = {6707},
   url = {http://dx.doi.org/10.1007/978-3-642-21732-6\_12},
   note = {10.1007/978-3-642-21732-6\_12},
   year = {2011}
}


--------- Collaborative/version mgmt/scalable persistence stuff ---------------

@article{COLLAB:AltmanningerSurvey,
    author = {Altmanninger, Kerstin and Seidl, Martina and Wimmer, Manuel},
    title = {A survey on model versioning approaches},
    journal = {International Journal of Web Information Systems (IJWIS)},
    year = {2009},
    volume = {5},
    number = {3},
    pages = {271--304},
    doi = {10.1108/17440080910983556}
}

@inproceedings{COLLAB:CoolModes,
    hal_id = {hal-00190117},
    url = {http://telearn.archives-ouvertes.fr/hal-00190117/en/},
    title = {{A Plug-In Architecture for Graph Based Collaborative Modeling Systems}},
    author = {Pinkwart, Niels},
    abstract = {{This paper presents ongoing work on a graphical modeling and discussion support system. One of the properties of the presented approach is that it tries to implement a "collaborative mind tool" approach, bridging the gap between a communication means and a system with AI functionality. The paper also points out the XML based plug-in mechanism of the system and illustrates it by several categorized examples.}},
    language = {English},
    affiliation = {Institut f{\"u}r Informatik und interaktive Systeme},
    booktitle = {{Supplementary Proceedings of the 11th Conference on Artificial Intelligence in Education, Sydney (Australia)}},
    publisher = {SIT},
    pages = {89-94},
    address = {Sydney, Australia},
    editor = {V. Aleven et al },
    audience = {not specified },
    year = {2003},
    pdf = {http://telearn.archives-ouvertes.fr/hal-00190117/PDF/Pinkwart\_2003.pdf},
}

@Misc{COLLAB:EMFCollab,
  key = 	 {EMFCLB},
  author = 	 {Andras Schmidt et al.},
  title = 	 {EMFCollab},
  year = 	 {2011},
  note = 	 {\url{http://qgears.com/products/emfcollab}}
}

@article{COLLAB:Gallardo20111099,
title = "An ontological conceptualization approach for awareness in domain-independent collaborative modeling systems: Application to a model-driven development method",
journal = "Expert Systems with Applications",
volume = "38",
number = "2",
pages = "1099 - 1118",
year = "2011",
note = "Intelligent Collaboration and Design",
issn = "0957-4174",
doi = "10.1016/j.eswa.2010.05.005",
url = "http://www.sciencedirect.com/science/article/pii/S0957417410004161",
author = "Jesus Gallardo and Ana I. Molina and Crescencio Bravo and Miguel A. Redondo and Cesar A. Collazos",
keywords = "Awareness"
}

@Misc{COLLAB:Dawn,
  author = 	 {Martin Fluegge et al.},
  title = 	 {Dawn: Collaborative modeling with {CDO}},
  year = 	 {2011},
  note = 	 {\url{http://wiki.eclipse.org/Dawn}}
}

@inproceedings{COLLAB:AMOR,
    author = {Altmanninger, Kerstin and Kappel, Gerti and Kusel, Angelika and Retschitzegger, Werner and Seidl, Martina and Schwinger, Wieland and Wimmer, Manuel},
    title = {{AMOR} - Towards Adaptable Model Versioning},
    booktitle = {1st Int. Workshop on Model Co-Evolution and Consistency Management, in conjunction with Models'08},
    year = {2008},
    numpages = {7},
    url = {http://www.info.fundp.ac.be/mccm/wp-content/uploads/2008/09/5-seidl.pdf},
    note = {Vortrag: 1st International Workshop on Model Co-Evolution and Consistency Management, Toulouse, Frankreich; 2008-09-30}
}

@Misc{COLLAB:AMOR:web,

  author = 	 {The {AMOR} project},
  title = 	 {Adaptible model versioning project website},
  year = 	 {2009},
  note = 	 {\url{http://modelversioning.org}}
}

@inproceedings{COLLAB:ModelCVS,
 author = {Kramler, G. and Kappel, G. and Reiter, T. and Kapsammer, E. and Retschitzegger, W. and Schwinger, W.},
 title = {Towards a semantic infrastructure supporting model-based tool integration},
 booktitle = {Proceedings of the 2006 international workshop on Global integrated model management},
 series = {GaMMa '06},
 year = {2006},
 isbn = {1-59593-410-3},
 location = {Shanghai, China},
 pages = {43--46},
 numpages = {4},
 url = {http://doi.acm.org/10.1145/1138304.1138314},
 doi = {http://doi.acm.org/10.1145/1138304.1138314},
 acmid = {1138314},
 publisher = {ACM},
 address = {New York, NY, USA},
} 

@Misc{COLLAB:Pentaho:web,
  author = 	 {Pentaho, Inc.},
  title = 	 {Conflict Resolution Reasoner},
  year = 	 {2010},
  note = 	 {\url{http://pentaho.com}}
}



@Misc{COLLAB:ModelCVS:web,
  author = 	 {The {ModelCVS} project},
  title = 	 {A Semantic Infrastructure for Model-based Tool Integration},
  year = 	 {2006},
  note = 	 {\url{http://modelcvs.org}}
}

@Misc{COLLAB:EclipseMTF,
  author = 	 {Eclipse},
  title = 	 {Modeling Team Framework proposal},
  year = 	 {2011},
  note = 	 {\url{http://www.eclipse.org/proposals/mtf/}}
}

@inproceedings{COLLAB:EMFStore,
 author = {Koegel, Maximilian and Helming, Jonas},
 title = {EMFStore: a model repository for EMF models},
 booktitle = {Proceedings of the 32nd ACM/IEEE International Conference on Software Engineering - Volume 2},
 series = {ICSE '10},
 year = {2010},
 isbn = {978-1-60558-719-6},
 location = {Cape Town, South Africa},
 pages = {307--308},
 numpages = {2},
 url = {http://doi.acm.org/10.1145/1810295.1810364},
 doi = {http://doi.acm.org/10.1145/1810295.1810364},
 acmid = {1810364},
 publisher = {ACM},
 address = {New York, NY, USA},
} 

@Misc{COLLAB:EMFStore:web,
  author = 	 {Eclipse},
  title = 	 {EMFStore project},
  year = 	 {2011},
  note = 	 {\url{http://eclipse.org/emfstore}}
}

@Misc{COLLAB:CDO:web,
  author = 	 {Eclipse},
  title = 	 {The Connected Data Objects Model Repository {(CDO)} project},
  year = 	 {2012},
  note = 	 {\url{http://eclipse.org/cdo}}
}

@incollection {COLLAB:MORSA,
   author = {Espinazo Pagan, Javier and Sanchez Cuadrado, Jesus and Garc\'{i}a Molina, Jesus},
   affiliation = {University of Murcia, Spain},
   title = {Morsa: A Scalable Approach for Persisting and Accessing Large Models},
   booktitle = {Model Driven Engineering Languages and Systems},
   series = {Lecture Notes in Computer Science},
   editor = {Whittle, Jon and Clark, Tony and K\"uhne, Thomas},
   publisher = {Springer Berlin / Heidelberg},
   isbn = {978-3-642-24484-1},
   keyword = {Computer Science},
   pages = {77-92},
   volume = {6981},
   url = {http://dx.doi.org/10.1007/978-3-642-24485-8\_7},
   note = {10.1007/978-3-642-24485-8\_7},
   year = {2011}
}

@Misc{COLLAB:MORSA:web,
  author = 	 {Espinazo Pag\'{a}n, Javier et al.},
  title = 	 {Morsa: a {NoSQL}-based model persistence solution},
  year = 	 {2012},
  note = 	 {\url{http://modelum.es/trac/morsa/}}
}


@incollection {COLLAB:MODELBUS,
   author = {Blanc, Xavier and Gervais, Marie-Pierre and Sriplakich, Prawee},
   affiliation = {Laboratoire d�Informatique de Paris 6 (LIP6), University Paris VI, 8, rue du Capitaine Scott, 75015 Paris, France},
   title = {Model Bus: Towards the Interoperability of Modelling Tools},
   booktitle = {Model Driven Architecture},
   series = {Lecture Notes in Computer Science},
   editor = {A�mann, Uwe and Aksit, Mehmet and Rensink, Arend},
   publisher = {Springer Berlin / Heidelberg},
   isbn = {978-3-540-28240-2},
   keyword = {Computer Science},
   pages = {900-900},
   volume = {3599},
   url = {http://dx.doi.org/10.1007/11538097\_2},
   note = {10.1007/11538097\_2},
   year = {2005}
}

@Article{COLLAB:DesignPatterns,
  author = 	 {Gabor Karsai and Andras Lang and Sandeep Neema},
  title = 	 {Design Patterns for Open Tool Integration},
  journal = 	 {Software and Systems Modeling},
  year = 	 {2004},
  volume = 	 {4},
  number = 	 {2},
  pages = 	 {157--170},
  OPTnote = 	 {DOI 10.1007/s10270-004-0073-y}
}


@inproceedings{COLLAB:DSE,
	Abstract = {<p>Design space exploration (DSE) aims at searching through various models representing different design candidates to support activities like configuration design of critical systems or automated maintenance of IT systems. In model-driven engineering, DSE is applied to find instance models that are (i) reachable from an initial model with a sequence of transformation rules and (ii) satisfy a set of structural and numerical constraints. Since exhaustive exploration of the design space is infeasible for large models, the traversal is often guided by hints, derived by system analysis, to prioritize the next states to traverse (selection criteria) and to avoid searching unpromising states (cut-off criteria). In this paper, we define an exploration approach where selection and cut-off criteria are defined using dependency analysis of transformation rules and an algebraic abstraction. The approach is evaluated against other exploration techniques and illustrated on a cloud infrastructure configuration problem.</p>
},
	Address = {Lawrence, Kansas, USA},
	Author = {{\'A}bel Heged{\"u}s and {\'A}kos Horv{\'a}th and Istv{\'a}n R{\'a}th and D{\'a}niel Varr{\'o}},
	Booktitle = {26th IEEE/ACM International Conference on Automated Software Engineering (ASE 2011)},
	Doi = {http://dx.doi.org/10.1109/ASE.2011.6100051},
	Keywords = {design space exploration, Viatra},
	Month = {11/2011},
	Note = {ACM Distinguished Paper Award, Acceptance rate: 15\%},
	Organization = {IEEE Computer Society},
	Publisher = {IEEE Computer Society},
	Title = {A Model-driven Framework for Guided Design Space Exploration},
	Url = {http://ieeexplore.ieee.org/search/freesrchabstract.jsp?tp=\&arnumber=6100051},
	Year = {2011},
	Bdsk-Url-1 = {http://ieeexplore.ieee.org/search/freesrchabstract.jsp?tp=%5C&arnumber=6100051},
	Bdsk-Url-2 = {http://dx.doi.org/10.1109/ASE.2011.6100051}}
}

@inproceedings{COLLAB:ModelBus2008,
  title={Automated model driven development processes},
  author={Aldazabal, A. and Baily, T. and Nanclares, F. and Sadovykh, A. and Hein, C. and Ritter, T.},
  booktitle={Proceedings of the ECMDA workshop on Model Driven Tool and Process Integration},
  pages={361--375},
  year={2008}
}

@Misc{COLLAB:ModelBus:Web,
  key = 	 {MB},
  author = 	 {T. Ritter et al.},
  title = 	 {{ModelBus}: a model-driven tool integration framework to build a seamlessly integrated tool environment for system engineering processes.},
  year = 	 {2012},
  note = 	 {\url{http://www.modelbus.org/modelbus/}}
}

@techreport{COLLAB:ModelBus:2011,
	address = {Warrendale, {PA}},
	title = {Model-based Toolchain for the Efficient Development of Safety-Relevant Automotive Embedded Systems},
	url = {http://kth.diva-portal.org/smash/record.jsf?pid=diva2:459838},
	number = {2011-01-0056},
	urldate = {2012-12-30},
	institution = {{SAE} International},
	author = {Armengaud, Eric and Zoier, Markus and Baumgart, Andreas and Biehl, Matthias and Chen, {DeJiu} and Griessnig, Gerhard and Hein, Christian and Ritter, Tom and Tavakoli Kolagari, Ramin},
	month = apr,
	year = {2011},
	file = {urn:nbn:se:kth:diva-49574: Model-based Toolchain for the Efficient Development of Safety-Relevant Automotive Embedded Systems:/Users/istvanrath/Library/Application Support/Zotero/Profiles/d2dfg3pf.default/zotero/storage/IFCJQZJ5/record.html:text/html}
}

@Misc{COLLAB:EMFCompare2.0,
  key = 	 {EMFCOMP},
  author = 	 {C. Brun et al.},
  title = 	 {{EMF} Compare 2.0},
  year = 	 {2012},
  note = 	 {\url{http://www.eclipse.org/emf/compare/}}
}

@Misc{COLLAB:EMFDiffMerge,
  key = 	 {EMFDIFFM},
  author = 	 {O. Constant},
  title = 	 {{EMF} {Diff/Merge}},
  year = 	 {2012},
  note = 	 {\url{http://eclipse.org/diffmerge/}}
}	

@ARTICLE{Bezivin2005,
  title = "{On the Unification Power of Models}",
  author = "{Jean Bezivin}",
  journal = "{ Software and System Modeling (SoSym)}",
  year = "{2005}",
  volume = "{4}",
  number = "{2}",
  pages = "{171-188}",
  month = "",
  note = "",
}

@ARTICLE{Schmidt2006,
  title = "{Model-driven engineering}",
  author = "{D. Schmidt}",
  journal = "{IEEE Computer}",
  year = "{2006}",
  volume = "{39}",
  number = "{2}",
  pages = "{25}",
  month = "",
  note = "",
}

@INPROCEEDINGS{Karna2009,
  title = "{Evaluating the Use of Domain-Specific Modeling in Practice}",
  author = "{J Karna, J-P Tolvanen, S Kelly}",
  booktitle = "{Proc 9th Workshop on Domain-Specific Modeling}",
  year = "{2009}",
  editor = "",
  volume = "",
  series = "",
  pages = "",
  address = "",
  month = "",
  organization = "",
  publisher = "",
  note = "",
}

@article{NoSilverBullet,
 author = {Brooks,Jr., Frederick P.},
 title = {No Silver Bullet Essence and Accidents of Software Engineering},
 journal = {Computer},
 issue_date = {April 1987},
 volume = {20},
 number = {4},
 month = apr,
 year = {1987},
 issn = {0018-9162},
 pages = {10--19},
 numpages = {10},
 url = {http://dx.doi.org/10.1109/MC.1987.1663532},
 doi = {10.1109/MC.1987.1663532},
 acmid = {26441},
 publisher = {IEEE Computer Society Press},
 address = {Los Alamitos, CA, USA},
} 

@inproceedings{hutchinson11ea_mde,
  author    = {Hutchinson, J. and
               Whittle, J. and
               Rouncefield, M. and
               Kristoffersen, S.},
  title     = {Empirical assessment of {MDE} in industry},
  booktitle = {Proc. ICSE},
  year      = {2011},
  pages     = {471-480},
  publisher = {ACM},
  ee        = {http://doi.acm.org/10.1145/1985793.1985858},
}

@INPROCEEDINGS{Morsa,
  title = "{Morsa: a scalable approach for persisting and accessing large models}",
  author = "{Pag\'{a}n, Javier Espinazo and Cuadrado, Jes\'{u}s S\'{a}nchez and Molina, Jes\'{u}s Garc\'{\i}a}",
  booktitle = "{Proceedings of the 14th international conference on Model driven engineering languages and systems}",
  year = "{2011}",
  editor = "",
  volume = "",
  series = "{MODELS'11}",
  pages = "{77--92}",
  address = "{Wellington, New Zealand}",
  month = "",
  organization = "",
  publisher = "{Springer-Verlag}",
  note = "",
}

@ARTICLE{Jouault2009,
  title = "{Towards an advanced model-driven engineering toolbox}",
  author = "{Jouault, Fr\'ed\'eric and B\'ezivin, Jean and Barbero, Mika\"el}",
  journal = "{Innovations in Systems and Software Engineering}",
  year = "{2009}",
  volume = "{5}",
  number = "",
  pages = "{5--12}",
  month = "",
  note = "",
}

@INCOLLECTION{GrandChallengeScalability,
  title = "{The Grand Challenge of Scalability for Model Driven Engineering}",
  author = "{Dimitris Kolovos and Richard Paige and Fiona Polack}",
  booktitle = "{Models in Software Engineering}",
  publisher = "{Springer Berlin / Heidelberg}",
  year = "{2009}",
  editor = "{Chaudron, Michel}",
  volume = "{5421}",
  series = "{Lecture Notes in Computer Science}",
  chapter = "",
  pages = "{48-53}",
  address = "",
  edition = "",
  month = "",
  note = "",
}

@MISC{CDO,
  title = "{CDO}",
  author = "{Eclipse Foundation}",
  howpublished = "",
  month = "",
  year = "{2008}",
  note = "{http://www.eclipse.org/modeling/emft/?project=cdo}",
}

@MISC{MongoEMF,
  title = "{Mongo-EMF}",
  author = "{Bryan Hunt}",
  howpublished = "",
  month = "",
  year = "{2011}",
  note = "{https://github.com/BryanHunt/mongo-emf/}",
}

@MISC{Epsilon,
  title = "{Epsilon Model Management component}",
  author = "{Eclipse Foundation}",
  howpublished = "",
  month = "",
  year = "",
  note = "{http://www.eclipse.org/epsilon}",
}

@inproceedings{BarberoJB08,
  author    = {Mika{\"e}l Barbero and
               Fr{\'e}d{\'e}ric Jouault and
               Jean B{\'e}zivin},
  title     = {Model Driven Management of Complex Systems: Implementing
               the Macroscopes Vision},
  booktitle = {15th Annual IEEE International Conference and Workshop on
               Engineering of Computer Based Systems (ECBS 2008)},
  year      = {2008},
  pages     = {277-286},
  publisher = {IEEE Computer Society},
  bibsource = {DBLP, http://dblp.uni-trier.de}
}

@article{AtkinsonK08,
  author    = {Colin Atkinson and
               Thomas K{\"u}hne},
  title     = {Reducing accidental complexity in domain models},
  journal   = {Software and System Modeling},
  volume    = {7},
  number    = {3},
  year      = {2008},
  pages     = {345-359},
}

@inproceedings{JurackT10,
  author    = {Stefan Jurack and
               Gabriele Taentzer},
  title     = {A Component Concept for Typed Graphs with Inheritance and
               Containment Structures},
  booktitle = {Graph Transformations - 5th International Conference, ICGT
               2010},
  year      = {2010},
  pages     = {187-202},
  publisher = {Springer},
  series    = {Lecture Notes in Computer Science},
  volume    = {6372},
  
}

@inproceedings{WeisemollerS08,
  author    = {Ingo Weisem{\"o}ller and
               Andy Sch{\"u}rr},
  title     = {Formal Definition of {MOF} 2.0 Metamodel Components and Composition},
  year      = {2008},
  pages     = {386-400},
  booktitle     = {Model Driven Engineering Languages and Systems, 11th International Conference},
  publisher = {Springer},
  series    = {Lecture Notes in Computer Science},
  volume    = {5301},
}

@INCOLLECTION{TDDmetamodelling,
  title = {A test-driven approach for metamodel development},
  author = {Antonio Cicchetti and Davide Di Ruscio and Dimitris Kolovos and Alfonso Pierantonio},
  booktitle = {Emerging Technologies for the Evolution and Maintenance of Software Models},
  publisher = {IGI Global},
  year = {2012},
  pages = {319-342},
}

@article{TortO10,
  author    = {Albert Tort and
               Antoni Oliv{\'e}},
  title     = {An approach to testing conceptual schemas},
  journal   = {Data Knowl. Eng.},
  volume    = {69},
  number    = {6},
  year      = {2010},
  pages     = {598-618},
  ee        = {http://dx.doi.org/10.1016/j.datak.2010.02.002},
  bibsource = {DBLP, http://dblp.uni-trier.de}
}
@article{HeidenreichHJZ09,
  author    = {Florian Heidenreich and
               Jakob Henriksson and
               Jendrik Johannes and
               Steffen Zschaler},
  title     = {On Language-Independent Model Modularisation},
  journal   = {T. Aspect-Oriented Software Development VI},
  volume    = {6},
  year      = {2009},
  pages     = {39-82},
}

@inproceedings{FrischDB08,
  author    = {Mathias Frisch and
               Raimund Dachselt and
               Tobias Br{\"u}ckmann},
  title     = {Towards seamless semantic zooming techniques for {UML} diagrams},
  booktitle = {SOFTVIS},
  year      = {2008},
  pages     = {207-208},
  publisher = {ACM},
}
@inproceedings{KothM02,
  author    = {Oliver K{\"o}th and
               Mark Minas},
  title     = {Structure, Abstraction, and Direct Manipulation in Diagram
               Editors},
  booktitle = {Diagrams},
  year      = {2002},
  pages     = {290-304}, 
  publisher = {Springer},
  series    = {LNCS},
  volume    = {2317},
}

@inproceedings{LaraG10,
  author    = {Juan de Lara and
               Esther Guerra},
  title     = {Deep Meta-modelling with MetaDepth},
  booktitle = {TOOLS (48)},
  year      = {2010},
  pages     = {1-20},
  publisher = {Springer},
  series    = {Lecture Notes in Computer Science},
  volume    = {6141},
}

@inproceedings{AschauerDP09,
  author    = {Thomas Aschauer and
               Gerd Dauenhauer and
               Wolfgang Pree},
  title     = {Representation and Traversal of Large Clabject Models},
  year      = {2009},
  pages     = {17-31},
  booktitle     = {Model Driven Engineering Languages and Systems, 12th International
               Conference},
  publisher = {Springer},
  series    = {Lecture Notes in Computer Science},
  volume    = {5795},
}

@ARTICLE{Nokia10x,
  title = "{Developing Mobile Browsers in a Product Line.}",
  author = "{Jaaksi, A}",
  journal = "{IEEE Software}",
  year = "{2002}",
  volume = "",
  number = "",
  pages = "{73--80}",
  month = "{July/August}",
  note = "",
}

@INPROCEEDINGS{Parastoo2008,
  title = "{Where is the Proof? - A Review of Experiences from  Applying MDE in Industry}",
  author = "{Parastoo Mohagheghi, Vegard Dehlen}",
  booktitle = "{Proc. 4th European Conference on Model Driven Architecture, Foundations and Applications (ECMDA-FA)}",
  year = "{2008}",
  editor = "{Schieferdecker, Ina and Hartman, Alan}",
  volume = "{5095}",
  series = "{Lecture Notes in Computer Science}",
  pages = "{432-443}",
  address = "",
  month = "",
  organization = "",
  publisher = "{Springer Berlin / Heidelberg}",
  note = "",
}

@MISC{Graphiti,
  title = "{Graphiti - a Graphical Tooling Infrastructure}",
  author = "",
  howpublished = "",
  month = "",
  year = "",
  note = "{http://www.eclipse.org/graphiti/}",
}

@MISC{XMI,
  title = "{XML Metadata Interchange 2.0 Specification}",
  author = "{Object Management Group}",
  howpublished = "",
  month = "",
  year = "",
  note = "{http://www.omg.org/technology/documents/formal/xmi.htm}",
}


@inproceedings{LaraGC12,
  author    = {Juan de Lara and
               Esther Guerra and
               Jes{\'u}s S{\'a}nchez Cuadrado},
  title     = {Abstracting Modelling Languages: A Reutilization Approach},
  booktitle = {Proc. CAiSE 2012},
  year      = {2012},
  pages     = {127-143},
  publisher = {Springer},
  series    = {Lecture Notes in Computer Science},
  volume    = {7328},
}

@inproceedings{BottoniG04,
  author    = {Paolo Bottoni and
               Antonio Grau},
  title     = {A Suite of Metamodels as a Basis for a Classification of
               Visual Languages},
  year      = {2004},
  pages     = {83-90},
  booktitle     = {2004 IEEE Symposium on Visual Languages and Human-Centric
               Computing (VL/HCC 2004), Rome, Italy},  
  publisher = {IEEE Computer Society},
}

@inproceedings{CuadradoLG12,
  author    = {Jes{\'u}s S{\'a}nchez Cuadrado and
               Juan de Lara and
               Esther Guerra},
  title     = {Bottom-Up Meta-Modelling: An Interactive Approach},
  year      = {2012},
  pages     = {3-19},
  booktitle     = {Model Driven Engineering Languages and Systems - 15th International
               Conference, MODELS 2012, Innsbruck, Austria, September 30-October
               5, 2012. Proceedings},
  publisher = {Springer},
  series    = {Lecture Notes in Computer Science},
  volume    = {7590},
}

@inproceedings{Cho11,
  title={Design Patterns for Metamodels},
  author = {Hyun Cho and Jeff Gray},
  year=2011,
  booktitle= {Proc. DSM'11},
}

@inproceedings{Cho11b,
  title = {Key Challenges for Modeling Language Creation By Demonstration},
  author = {Hyun Cho and Yu Sun and Jeff Gray and Jules White},
  year = {2011},
  booktitle = {ICSE'11 Workshop on Flexible Modeling Tools}
}

@inproceedings{collaboro,
  author = {Javier Luis C\'anovas Izquierdo and Jordi Cabot},
  title = {Community-driven Language Development},
  booktitle = { Proc. MISE'12 at ICSE},
  year = {2012},
}

@incollection {concordance,
   author = {Rose, Louis and Kolovos, Dimitrios and Drivalos, Nicholas and Williams, James and Paige, Richard and Polack, Fiona and Fernandes, Kiran},
   affiliation = {University of York Department of Computer Science YO10 5DD York UK},
   title = {Concordance: A Framework for Managing Model Integrity},
   booktitle = {Modelling Foundations and Applications},
   series = {LNCS},
   publisher = {Springer Berlin / Heidelberg},
   pages = {245-260},
   volume = {6138},
   year = {2010}
}

@inproceedings{DBLP:conf/models/HegedusHRV12,
  author    = {{\'A}bel Heged{\"u}s and
               {\'A}kos Horv{\'a}th and
               Istv{\'a}n R{\'a}th and
               D{\'a}niel Varr{\'o}},
  title     = {Query-Driven Soft Interconnection of {EMF} Models},
  booktitle     = {Model Driven Engineering Languages and Systems - 15th International
               Conference, MODELS 2012, Innsbruck, Austria. Proceedings},
  series    = {LNCS},
  volume    = {7590},
  year      = {2012},
  pages     = {134-150},
}

@inproceedings{virtualEMF-IDM2011,
    hal_id = {inria-00606374},
    url = {http://hal.inria.fr/inria-00606374},
    title = {{Virtual Composition of EMF Models}},
    author = {Clasen, Cau{\^e} and Jouault, Fr{\'e}d{\'e}ric and Cabot, Jordi},
    affiliation = {ATLANMOD - INRIA - EMN},
    booktitle = {{7{\`e}mes Journ{\'e}es sur l'Ing{\'e}nierie Dirig{\'e}e par les Mod{\`e}les (IDM 2011)}},
    year = {2011},
    pdf = {http://hal.inria.fr/inria-00606374/PDF/VirtualModels\_IDM2011.pdf},
}


@inproceedings{GarmendiaGKL14,
  author    = {Antonio Garmendia and
               Esther Guerra and
               Dimitrios S. Kolovos and
               Juan de Lara},
  title     = {{EMF} Splitter: {A} Structured Approach to {EMF} Modularity},
  booktitle = {XM@MoDELS},
  year      = {2014},
  pages     = {22--31},
  series    = {{CEUR} Workshop Proceedings},
  volume    = {1239},
  publisher = {CEUR-WS.org},
  url       = {http://ceur-ws.org/Vol-1239},
}

@article{exampleDriven,
  author    = {Jes\'us Juan L\'opez-Fern\'andez and Jes\'us {S\'anchez Cuadrado} and Esther Guerra and Juan de Lara},
  title     = {Example-driven meta-model development},
  journal   = {SoSyM},
  volume    = {in press},
  year      = {2014, see also \url{http://www.miso.es/tools/metaBUP.html}},
  publisher = {Springer},
}

@inproceedings{FernandezGL14,
  author    = {Jes{\'{u}}s J. L{\'{o}}pez{-}Fern{\'{a}}ndez and
               Esther Guerra and
               Juan de Lara},
  title     = {Assessing the Quality of Meta-models},
  booktitle = {{MoDeVVa@MODELS}},
  pages     = {3--12},
  year      = {2014},
  series    = {{CEUR} Workshop Proceedings},
  volume    = {1235},
  publisher = {CEUR-WS.org},
}

@inproceedings{Lopez-FernandezGL14,
  author    = {Jes{\'{u}}s J. L{\'{o}}pez{-}Fern{\'{a}}ndez and
               Esther Guerra and
               Juan de Lara},
  title     = {Meta-Model validation and verification with MetaBest},
  booktitle = {{ACM/IEEE} {ASE}},
  pages     = {831--834},
  year      = {2014},
  publisher = {{ACM}},
}

@inproceedings{Mezei2009,
author = {Mezei, Gergely and Levendovszky, Tihamer and Meszaros, Tamas and Madari, Istvan},
booktitle = {IEEE EUROCON 2009},
pages = {403--410},
publisher = {IEEE},
shorttitle = {EUROCON 2009, EUROCON '09. IEEE},
title = {{Towards Truly Parallel Model Transformations: A Distributed Pattern Matching Approach}},
year = {2009}
}

@inproceedings{Burgueno2013,
 author = {Burgue\~{n}o, Loli and Troya, Javier and Wimmer, Manuel and Vallecillo, Antonio},
 title = {{On the Concurrent Execution of Model Transformations with Linda}},
 booktitle = {Proceeding of the First Workshop on Scalability in MDE},
 series = {BigMDE '13},
 year = {2013},
 isbn = {978-1-4503-2165-5},
 pages = {3:1--3:10},
 doi = {10.1145/2487766.2487770},
 acmid = {2487770},
 publisher = {ACM},
 address = {New York, NY, USA},
 keywords = {Linda, concurrency, model transformation, tuple spaces},
} 

@inproceedings{incQuery, 
 author = {Izs\'{o}, Benedek and Sz\'{a}rnyas, G\'{a}bor and R\'{a}th, Istv\'{a}n and Varr\'{o}, D\'{a}niel}, 
 title = {{IncQuery-D Incremental Graph Search in the Cloud}}, 
 booktitle = {Proceedings of the Workshop on Scalability in MDE}, 
 series = {BigMDE '13}, 
 year = {2013},
 isbn = {978-1-4503-2165-5},
 location = {Budapest, Hungary}, 
 pages = {4:1--4:4}, 
 doi = {10.1145/2487766.2487772}, 
 acmid = {2487772}, 
 publisher = {ACM}, 
 address = {New York, NY, USA}, } 

@incollection{tisi2011lazy,
  title={Lazy execution of model-to-model transformations},
  author={Tisi, Massimo and Mart{\'\i}nez, Salvador and Jouault, Fr{\'e}d{\'e}ric and Cabot, Jordi},
  booktitle={Model Driven Engineering Languages and Systems},
  pages={32--46},
  year={2011},
  publisher={Springer}
}

@inproceedings{benelallam:hal-01035450,
  TITLE = {{Towards an Open Set of Real-World Benchmarks for Model Queries and Transformations}},
  AUTHOR = {Benelallam, Amine and Tisi, Massimo and Rath, Istvan and Izso, Benedeck and Kolovos, Dimitrios S.},
  URL = {https://hal.inria.fr/hal-01035450},
  BOOKTITLE = {{BigMDE}},
  ADDRESS = {York, UK, United Kingdom},
  ORGANIZATION = {{University of York}},
  EDITOR = {CEUR Workshop Proceedings},
  YEAR = {2014},
  MONTH = Jul,
  PDF = {https://hal.inria.fr/hal-01035450/file/bigmde14_submission_7_1_.pdf},
  HAL_ID = {hal-01035450},
  HAL_VERSION = {v1},
}

@incollection{atl2fuml,
year={2014},
isbn={978-3-319-11244-2},
booktitle={Software Language Engineering},
volume={8706},
series={Lecture Notes in Computer Science},
editor={Combemale, Benoît and Pearce, DavidJ. and Barais, Olivier and Vinju, JurgenJ.},
doi={10.1007/978-3-319-11245-9_10},
title={fUML as an Assembly Language for Model Transformation},
url={http://dx.doi.org/10.1007/978-3-319-11245-9_10},
publisher={Springer International Publishing},
author={Tisi, Massimo and Jouault, Frédéric and Delatour, Jérôme and Saidi, Zied and Choura, Hassene},
pages={171-190},
language={English}
}

@inproceedings{DSLtao,
  author    = {Ana Pescador and
               Antonio Garmendia and
               Esther Guerra and
               Jes{\'{u}}s S{\'{a}}nchez Cuadrado and
               Juan de Lara},
  title     = {Pattern-based development of Domain-Specific Modelling Languages},
  booktitle = {{MoDELS}},
  pages     = {166--175},
  year      = {2015},
  publisher = {{IEEE}},
  year      = {2015},
}

@inproceedings{GarmendiaGKL14,
  author    = {Antonio Garmendia and
               Esther Guerra and
               Dimitrios S. Kolovos and
               Juan de Lara},
  title     = {{EMF} Splitter: {A} Structured Approach to {EMF} Modularity},
  booktitle = {XM@MoDELS},
  year      = {2014},
  pages     = {22--31},
  series    = {{CEUR}},
  volume    = {1239},
  publisher = {CEUR-WS.org},
  url       = {http://ceur-ws.org/Vol-1239},
}